<record><leader>00000cas a22000007a 4500</leader><controlfield tag="001">10891799</controlfield><controlfield tag="008">840627d18581862iauwr ne      0    0eng d</controlfield><datafield ind1=" " ind2=" " tag="010"><subfield code="a">sn 84027134 </subfield></datafield><datafield ind1=" " ind2=" " tag="040"><subfield code="a">NPU</subfield><subfield code="b">eng</subfield><subfield code="c">NPU</subfield><subfield code="d">NPX</subfield><subfield code="d">INP</subfield><subfield code="d">OCLCQ</subfield><subfield code="d">IUL</subfield><subfield code="d">OCLCF</subfield></datafield><datafield ind1=" " ind2=" " tag="042"><subfield code="a">msc</subfield></datafield><datafield ind1=" " ind2=" " tag="043"><subfield code="a">n-us-ia</subfield></datafield><datafield ind1="0" ind2=" " tag="130"><subfield code="a">Weekly times (Dubuque, Iowa : 1858)</subfield></datafield><datafield ind1="1" ind2="0" tag="245"><subfield code="a">Weekly times.</subfield></datafield><datafield ind1="1" ind2="7" tag="246"><subfield code="a">Dubuque weekly times</subfield></datafield><datafield ind1=" " ind2=" " tag="260"><subfield code="a">Dubuque, Iowa :</subfield><subfield code="b">Palmer, Gilmore &amp; Co.,</subfield><subfield code="c">-1862.</subfield></datafield><datafield ind1=" " ind2=" " tag="300"><subfield code="a">v.</subfield></datafield><datafield ind1=" " ind2=" " tag="310"><subfield code="a">Weekly</subfield></datafield><datafield ind1="1" ind2=" " tag="362"><subfield code="a">Began between Apr. 28 and Dec. 30, 1858.</subfield></datafield><datafield ind1="0" ind2=" " tag="362"><subfield code="a">-v. 5, no. 25 (Jan. 9, 1862).</subfield></datafield><datafield ind1=" " ind2=" " tag="500"><subfield code="a">Publisher varies.</subfield></datafield><datafield ind1=" " ind2=" " tag="500"><subfield code="a">Published on Thursday.</subfield></datafield><datafield ind1=" " ind2=" " tag="588"><subfield code="a">Description based on: Vol. 2, no. 23 (Dec. 30, 1858).</subfield></datafield><datafield ind1=" " ind2="0" tag="651"><subfield code="a">Dubuque (Iowa)</subfield><subfield code="v">Newspapers.</subfield></datafield><datafield ind1=" " ind2="0" tag="651"><subfield code="a">Dubuque County (Iowa)</subfield><subfield code="v">Newspapers.</subfield></datafield><datafield ind1=" " ind2="7" tag="651"><subfield code="a">Iowa</subfield><subfield code="z">Dubuque.</subfield><subfield code="2">fast</subfield><subfield code="0">(OCoLC)fst01217313</subfield></datafield><datafield ind1=" " ind2="7" tag="651"><subfield code="a">Iowa</subfield><subfield code="z">Dubuque County.</subfield><subfield code="2">fast</subfield><subfield code="0">(OCoLC)fst01212637</subfield></datafield><datafield ind1=" " ind2="7" tag="655"><subfield code="a">Newspapers.</subfield><subfield code="2">fast</subfield><subfield code="0">(OCoLC)fst01423814</subfield></datafield><datafield ind1=" " ind2=" " tag="752"><subfield code="a">United States</subfield><subfield code="b">Iowa</subfield><subfield code="c">Dubuque</subfield><subfield code="d">Dubuque.</subfield></datafield><datafield ind1="0" ind2=" " tag="775"><subfield code="t">Daily times (Dubuque, Iowa)</subfield><subfield code="g">&lt;Jan. 5, 1859-June 30, 1861&gt;</subfield><subfield code="w">(DLC)sn 86061165</subfield><subfield code="w">(OCoLC)14575116</subfield></datafield><datafield ind1="0" ind2=" " tag="775"><subfield code="t">Dubuque daily times (Dubuque, Iowa : 1862)</subfield><subfield code="g">&lt;Jan. 1&gt;-Jan. 9, 1862</subfield><subfield code="w">(DLC)sn 84027133</subfield><subfield code="w">(OCoLC)10887518</subfield></datafield><datafield ind1="0" ind2="0" tag="780"><subfield code="t">Dubuque weekly times (Dubuque, Iowa : 1857)</subfield><subfield code="w">(DLC)sn 86061164</subfield><subfield code="w">(OCoLC)14563238</subfield></datafield><datafield ind1="0" ind2="0" tag="785"><subfield code="t">Dubuque weekly times (Dubuque, Iowa : 1862)</subfield><subfield code="w">(DLC)sn 86061161</subfield><subfield code="w">(OCoLC)14563407</subfield></datafield></record>